@article{netflix,
author = {Koren, Yehuda and Bell, Robert and Volinsky, Chris},
title = {Matrix Factorization Techniques for Recommender Systems},
year = {2009},
issue_date = {August 2009},
publisher = {IEEE Computer Society Press},
address = {Washington, DC, USA},
volume = {42},
number = {8},
issn = {0018-9162},
url = {https://doi.org/10.1109/MC.2009.263},
doi = {10.1109/MC.2009.263},
abstract = {As the Netflix Prize competition has demonstrated, matrix factorization models are superior to classic nearest-neighbor techniques for producing product recommendations, allowing the incorporation of additional information such as implicit feedback, temporal effects, and confidence levels.},
journal = {Computer},
month = aug,
pages = {30â€“37},
numpages = {8},
keywords = {Computational intelligence, Matrix factorization, Netflix Prize}
}
@misc{bagginglec,
    author        = {Grosse, Roger and Bae, Juhan and Maddison, Christopher},
    title         = {CSC311 Lecture 6},
    month         = {October},
    year          = {2020},
    publisher={University of Toronto}
}
